
@article{jensen,
      author         = "Jensen, J. and Leister, E.",
      title          = "{Energy monitoring and heat recovery at DESY}",
      journal        = "Energy for Sustainable Science at Research Infrastructures, 5th Workshop",
      year           = "2019",
      eprint         = "\href{https://indico.psi.ch/event/6754/timetable/?view=standard_numbered}{https://indico.psi.ch/event/6754}",
      SLACcitation   = "%%CITATION = ARXIV:1604.07175;%%"
}
